/Users/elunejava/Dropbox/CurrentWork/thesis/jamDissertation/bib/biblio.bib